@InProceedings{Mostafazadeh:2016,
  author    = {Mostafazadeh, Nasrin  and  Chambers, Nathanael  and  He, Xiaodong  and  Parikh, Devi  and  Batra, Dhruv  and  Vanderwende, Lucy  and  Kohli, Pushmeet  and  Allen, James},
  title     = {A Corpus and Cloze Evaluation for Deeper Understanding of Commonsense Stories},
  booktitle = {Proceedings of the 2016 Conference of the North American Chapter of the Association for Computational Linguistics: Human Language Technologies},
  month     = {June},
  year      = {2016},
  address   = {San Diego, California},
  publisher = {Association for Computational Linguistics},
  pages     = {839--849},
  url       = {http://www.aclweb.org/anthology/N16-1098}
}


@inproceedings{Schler:2006,
  title={Effects of Age and Gender on Blogging.},
  author={Schler, Jonathan and Koppel, Moshe and Argamon, Shlomo and Pennebaker, James W},
  booktitle={AAAI spring symposium: Computational approaches to analyzing weblogs},
  volume={6},
  pages={199--205},
  year={2006}
}

@inproceedings{Koppel:2005,
  title={Determining an author's native language by mining a text for errors},
  author={Koppel, Moshe and Schler, Jonathan and Zigdon, Kfir},
  booktitle={Proceedings of the eleventh ACM SIGKDD international conference on Knowledge discovery in data mining},
  pages={624--628},
  year={2005},
  organization={ACM}
}

@article{Argamon:2003,
  title={Gender, genre, and writing style in formal written texts},
  author={Argamon, Shlomo and Koppel, Moshe and Fine, Jonathan and Shimoni, Anat Rachel},
  journal={TEXT-THE HAGUE THEN AMSTERDAM THEN BERLIN-},
  volume={23},
  number={3},
  pages={321--346},
  year={2003},
  publisher={WALTER DE GRUYTER \& CO}
}

@article{Stamatatos:2009,
  title={A survey of modern authorship attribution methods},
  author={Stamatatos, Efstathios},
  journal={Journal of the American Society for information Science and Technology},
  volume={60},
  number={3},
  pages={538--556},
  year={2009},
  publisher={Wiley Online Library}
}

@inproceedings{Tsur:2010,
  title={ICWSM-A Great Catchy Name: Semi-Supervised Recognition of Sarcastic Sentences in Online Product Reviews.},
  author={Tsur, Oren and Davidov, Dmitry and Rappoport, Ari},
  booktitle={ICWSM},
  pages={162--169},
  year={2010}
}


@inproceedings{Davidov:2010,
  title={Enhanced sentiment learning using twitter hashtags and smileys},
  author={Davidov, Dmitry and Tsur, Oren and Rappoport, Ari},
  booktitle={Proceedings of the 23rd international conference on computational linguistics: posters},
  pages={241--249},
  year={2010},
  organization={Association for Computational Linguistics}
}


@article{Speer:2016,
  title={ConceptNet 5.5: An Open Multilingual Graph of General Knowledge},
  author={Speer, Robert and Chin, Joshua and Havasi, Catherine},
  journal={arXiv preprint arXiv:1612.03975},
  year={2016}
}